<?xml version="1.0" encoding="UTF-8"?><collection xmlns="http://www.loc.gov/MARC21/slim"><record><leader>00387nam--2200145-i-4500</leader><controlfield tag="001">000010833</controlfield><controlfield tag="002">20161230</controlfield><controlfield tag="005">20161230201029</controlfield><controlfield tag="008">060222s1000------------r-----000-0-eng-d</controlfield><datafield ind1=" " ind2=" " tag="080"><subfield code="a">621.039.34(047.1)</subfield></datafield><datafield ind1=" " ind2=" " tag="100"><subfield code="a">Achterberg, E.O. S.A</subfield></datafield><datafield ind1=" " ind2=" " tag="245"><subfield code="a">El proyecto iale.1. diseno y puesta en marcha 1966-1970, by ..</subfield></datafield><datafield ind1=" " ind2=" " tag="260"><subfield code="a">Buenos Aires, Cnea, 1973 28 P</subfield></datafield><datafield ind1=" " ind2=" " tag="490"><subfield code="a">353</subfield></datafield><datafield ind1=" " ind2=" " tag="852"><subfield code="a">14000</subfield></datafield></record></collection>